<record><leader>00000cas a22000007a 4500</leader><controlfield tag="001">24347928</controlfield><controlfield tag="008">910909d18501852riuwr ne      0    0eng d</controlfield><datafield ind1=" " ind2=" " tag="010"><subfield code="a">sn 91070525 </subfield></datafield><datafield ind1=" " ind2=" " tag="040"><subfield code="a">RHN</subfield><subfield code="b">eng</subfield><subfield code="c">RHN</subfield><subfield code="d">OCL</subfield><subfield code="d">OCLCQ</subfield><subfield code="d">OCLCF</subfield><subfield code="d">OCLCO</subfield></datafield><datafield ind1="1" ind2=" " tag="029"><subfield code="a">AU@</subfield><subfield code="b">000020226779</subfield></datafield><datafield ind1=" " ind2=" " tag="042"><subfield code="a">msc</subfield></datafield><datafield ind1=" " ind2=" " tag="043"><subfield code="a">n-us-ri</subfield></datafield><datafield ind1="0" ind2="0" tag="245"><subfield code="a">Rhode-Island weekly post.</subfield></datafield><datafield ind1=" " ind2=" " tag="260"><subfield code="a">Providence [R.I.] :</subfield><subfield code="b">Sayles &amp; Miller</subfield></datafield><datafield ind1=" " ind2=" " tag="300"><subfield code="a">v.</subfield></datafield><datafield ind1=" " ind2=" " tag="310"><subfield code="a">Weekly</subfield></datafield><datafield ind1="1" ind2=" " tag="362"><subfield code="a">Began in 1850.</subfield></datafield><datafield ind1="0" ind2=" " tag="362"><subfield code="a">-v. 3, no. 41 (Dec. 25, 1852).</subfield></datafield><datafield ind1=" " ind2=" " tag="580"><subfield code="a">Daily ed.: Providence daily post.</subfield></datafield><datafield ind1=" " ind2=" " tag="580"><subfield code="a">Merged with: Republican herald (Providence, R.I. : 1828), and: Republican herald (Providence, R.I. : 1832), to form: Republican herald and post.</subfield></datafield><datafield ind1=" " ind2=" " tag="588"><subfield code="a">Description based on: Vol. 1, no. 4 (Apr. 13, 1850).</subfield></datafield><datafield ind1=" " ind2="0" tag="651"><subfield code="a">Providence (R.I.)</subfield><subfield code="v">Newspapers.</subfield></datafield><datafield ind1=" " ind2="7" tag="655"><subfield code="a">Newspapers.</subfield><subfield code="2">fast</subfield><subfield code="0">(OCoLC)fst01423814</subfield></datafield><datafield ind1=" " ind2="7" tag="651"><subfield code="a">Rhode Island</subfield><subfield code="z">Providence.</subfield><subfield code="2">fast</subfield><subfield code="0">(OCoLC)fst01204977</subfield></datafield><datafield ind1=" " ind2=" " tag="752"><subfield code="a">United States</subfield><subfield code="b">Rhode Island</subfield><subfield code="c">Providence</subfield><subfield code="d">Providence.</subfield></datafield><datafield ind1="1" ind2=" " tag="775"><subfield code="t">Providence daily post</subfield><subfield code="w">(DLC)sn 83021475</subfield></datafield><datafield ind1="1" ind2="7" tag="785"><subfield code="t">Republican herald (Providence, R.I. : 1828)</subfield><subfield code="w">(DLC)sn 83021465</subfield></datafield><datafield ind1="1" ind2="7" tag="785"><subfield code="t">Republican herald (Providence, R.I. : 1832)</subfield><subfield code="w">(DLC)sn 83021460</subfield></datafield><datafield ind1="1" ind2="7" tag="785"><subfield code="t">Republican herald and post</subfield><subfield code="w">(DLC)sn 83021462</subfield></datafield></record>